
@article{kumar2022deep,
	title={Deep learning swell noise estimation},
	author={Kumar, Amarjeet and Dancer, Karen and Rayment, Tom and Hampson, Gary and Burgess, Tim},
	journal={First Break},
	volume={40},
	number={9},
	pages={31--36},
	year={2022},
	publisher={European Association of Geoscientists \& Engineers}
}

@book{claerbout1976fundamentals,
	title={Fundamentals of geophysical data processing},
	author={Claerbout, Jon F},
	volume={274},
	year={1976},
	publisher={Citeseer}
}

@article{wang2009comes,
	title={What comes up must have gone down: The principle and application of up-down deconvolution for multiple attenuation of ocean bottom data},
	author={Wang, Yi and Grion, Sergio and Bale, Richard},
	journal={CSEG Recorder},
	volume={34},
	number={10},
	pages={10--16},
	year={2009}
}

@article{hartstra2017full,
	title={Full-field multidimensional deconvolution to retrieve body-wave reflections from sparse passive sources},
	author={Hartstra, IE and Almagro Vidal, C and Wapenaar, Kees},
	journal={Geophysical Journal International},
	volume={210},
	number={2},
	pages={609--620},
	year={2017},
	publisher={Oxford University Press}
}

@inproceedings{hampson2020down,
	title={Down/down deconvolution},
	author={Hampson, Gary and Szumski, Greg},
	booktitle={EAGE Seabed Seismic Today: from Acquisition to Application},
	volume={2020},
	number={1},
	pages={1--5},
	year={2020},
	organization={European Association of Geoscientists \& Engineers}
}

@article{ravasi2015seismic,
	title={Seismic interferometry by multidimensional deconvolution without wavefield separation},
	author={Ravasi, Matteo and Meles, Giovanni and Curtis, Andrew and Rawlinson, Zara and Yikuo, Liu},
	journal={Geophysical Journal International},
	volume={202},
	number={1},
	pages={1--16},
	year={2015},
	publisher={Oxford University Press}
}

@article{van2012interferometric,
	title={Interferometric redatuming by multidimensional deconvolution},
	author={Van der Neut, Joost Rutger},
	year={2012}
}

@article{wapenaar2011seismic,
	title={Seismic interferometry by crosscorrelation and by multidimensional deconvolution: A systematic comparison},
	author={Wapenaar, Kees and Van Der Neut, Joost and Ruigrok, Elmer and Draganov, Deyan and Hunziker, J{\"u}rg and Slob, Evert and Thorbecke, Jan and Snieder, Roel},
	journal={Geophysical Journal International},
	volume={185},
	number={3},
	pages={1335--1364},
	year={2011},
	publisher={Blackwell Publishing Ltd Oxford, UK}
}

@article{boiero2021up,
	title={Up and down deconvolution in complex geological scenarios},
	author={Boiero, Daniele and Bagaini, Claudio},
	journal={Geophysics},
	volume={86},
	number={5},
	pages={WC55--WC65},
	year={2021},
	publisher={Society of Exploration Geophysicists}
}

@article{amundsen2001elimination,
	title={Elimination of free-surface related multiples without need of the source wavelet},
	author={Amundsen, Lasse},
	journal={Geophysics},
	volume={66},
	number={1},
	pages={327--341},
	year={2001},
	publisher={Society of Exploration Geophysicists}
}

@article{xu2005antileakage,
	title={Antileakage Fourier transform for seismic data regularization},
	author={Xu, Sheng and Zhang, Yu and Pham, Don and Lambar{\'e}, Gilles},
	journal={Geophysics},
	volume={70},
	number={4},
	pages={V87--V95},
	year={2005},
	publisher={Society of Exploration Geophysicists}
}

@article{guo2023seismic,
	title={Seismic data interpolation based on multi-scale transformer},
	author={Guo, Yuanqi and Fu, Lihua and Li, Hongwei},
	journal={IEEE Geoscience and Remote Sensing Letters},
	year={2023},
	publisher={IEEE}
}

@article{gan2015dealiased,
	title={Dealiased seismic data interpolation using seislet transform with low-frequency constraint},
	author={Gan, Shuwei and Wang, Shoudong and Chen, Yangkang and Zhang, Yizhuo and Jin, Zhaoyu},
	journal={IEEE Geoscience and remote sensing letters},
	volume={12},
	number={10},
	pages={2150--2154},
	year={2015},
	publisher={IEEE}
}

@article{liu2004minimum,
	title={Minimum weighted norm interpolation of seismic records},
	author={Liu, Bin and Sacchi, Mauricio D},
	journal={Geophysics},
	volume={69},
	number={6},
	pages={1560--1568},
	year={2004},
	publisher={Society of Exploration Geophysicists}
}

@inproceedings{torbunov2023uvcgan,
	title={Uvcgan: Unet vision transformer cycle-consistent gan for unpaired image-to-image translation},
	author={Torbunov, Dmitrii and Huang, Yi and Yu, Haiwang and Huang, Jin and Yoo, Shinjae and Lin, Meifeng and Viren, Brett and Ren, Yihui},
	booktitle={Proceedings of the IEEE/CVF winter conference on applications of computer vision},
	pages={702--712},
	year={2023}
}

@article{gunduc2023vit,
	title={Vit-GAN: Image-to-image Translation with Vision Transformes and Conditional GANS},
	author={Gunduc, Yigit},
	journal={Authorea Preprints},
	year={2023},
	publisher={Authorea}
}

@inproceedings{ledig2017photo,
	title={Photo-realistic single image super-resolution using a generative adversarial network},
	author={Ledig, Christian and Theis, Lucas and Husz{\'a}r, Ferenc and Caballero, Jose and Cunningham, Andrew and Acosta, Alejandro and Aitken, Andrew and Tejani, Alykhan and Totz, Johannes and Wang, Zehan and others},
	booktitle={Proceedings of the IEEE conference on computer vision and pattern recognition},
	pages={4681--4690},
	year={2017}
}

@inproceedings{isola2017image,
	title={Image-to-image translation with conditional adversarial networks},
	author={Isola, Phillip and Zhu, Jun-Yan and Zhou, Tinghui and Efros, Alexei A},
	booktitle={Proceedings of the IEEE conference on computer vision and pattern recognition},
	pages={1125--1134},
	year={2017}
}

@article{krizhevsky2012imagenet,
	title={Imagenet classification with deep convolutional neural networks},
	author={Krizhevsky, Alex and Sutskever, Ilya and Hinton, Geoffrey E},
	journal={Advances in neural information processing systems},
	volume={25},
	year={2012}
}

@article{diebold1981traveltime,
	title={The traveltime equation, tau-p mapping, and inversion of common midpoint data},
	author={Diebold, John B and Stoffa, Paul L},
	journal={Geophysics},
	volume={46},
	number={3},
	pages={238--254},
	year={1981},
	publisher={Society of Exploration Geophysicists}
}

@article{beylkin1987discrete,
	title={Discrete radon transform},
	author={Beylkin, Gregory},
	journal={IEEE transactions on acoustics, speech, and signal processing},
	volume={35},
	number={2},
	pages={162--172},
	year={1987},
	publisher={IEEE}
}

@article{bagchi1996nonuniform,
	title={The nonuniform discrete Fourier transform and its applications in filter design. I. 1-D},
	author={Bagchi, Sonali and Mitra, Sanjit K},
	journal={IEEE Transactions on Circuits and Systems II: Analog and Digital Signal Processing},
	volume={43},
	number={6},
	pages={422--433},
	year={1996},
	publisher={IEEE}
}

@book{oppenheim1999discrete,
	title={Discrete-time signal processing},
	author={Oppenheim, Alan V},
	year={1999},
	publisher={Pearson Education India}
}

@article{shannon1949communication,
	title={Communication in the presence of noise},
	author={Shannon, Claude Elwood},
	journal={Proceedings of the IRE},
	volume={37},
	number={1},
	pages={10--21},
	year={1949},
	publisher={IEEE}
}

@misc{nabil2021unpacking,
	author = {Mohamed Nabil},
	title = {Unpacking Query, Key, and Value in Transformers: An Analogy with Databases},
	year = {2021},
	howpublished = {\url{https://www.linkedin.com/pulse/unpacking-query-key-value-transformers-analogy-database-mohamed-nabil}},
	note = {Accessed: 2024-07-23}
}


@article{vaswani2017attention,
	title={Attention is all you need},
	author={Vaswani, Ashish and Shazeer, Noam and Parmar, Niki and Uszkoreit, Jakob and Jones, Llion and Gomez, Aidan N and Kaiser, {\L}ukasz and Polosukhin, Illia},
	journal={Advances in neural information processing systems},
	volume={30},
	year={2017}
}

@article{li2019deep,
	title={Deep-learning inversion of seismic data},
	author={Li, Shucai and Liu, Bin and Ren, Yuxiao and Chen, Yangkang and Yang, Senlin and Wang, Yunhai and Jiang, Peng},
	journal={arXiv preprint arXiv:1901.07733},
	year={2019}
}

@article{dargan2020survey,
	title={A survey of deep learning and its applications: a new paradigm to machine learning},
	author={Dargan, Shaveta and Kumar, Munish and Ayyagari, Maruthi Rohit and Kumar, Gulshan},
	journal={Archives of Computational Methods in Engineering},
	volume={27},
	pages={1071--1092},
	year={2020},
	publisher={Springer}
}

@inproceedings{liu2021swin,
	title={Swin transformer: Hierarchical vision transformer using shifted windows},
	author={Liu, Ze and Lin, Yutong and Cao, Yue and Hu, Han and Wei, Yixuan and Zhang, Zheng and Lin, Stephen and Guo, Baining},
	booktitle={Proceedings of the IEEE/CVF international conference on computer vision},
	pages={10012--10022},
	year={2021}
}

@article{li2021local,
	title={Local-to-global self-attention in vision transformers},
	author={Li, Jinpeng and Yan, Yichao and Liao, Shengcai and Yang, Xiaokang and Shao, Ling},
	journal={arXiv preprint arXiv:2107.04735},
	year={2021}
}

@article{xu2019understanding,
	title={Understanding and improving layer normalization},
	author={Xu, Jingjing and Sun, Xu and Zhang, Zhiyuan and Zhao, Guangxiang and Lin, Junyang},
	journal={Advances in neural information processing systems},
	volume={32},
	year={2019}
}

@inproceedings{srinivas2021bottleneck,
	title={Bottleneck transformers for visual recognition},
	author={Srinivas, Aravind and Lin, Tsung-Yi and Parmar, Niki and Shlens, Jonathon and Abbeel, Pieter and Vaswani, Ashish},
	booktitle={Proceedings of the IEEE/CVF conference on computer vision and pattern recognition},
	pages={16519--16529},
	year={2021}
}

@article{dosovitskiy2020image,
	title={An image is worth 16x16 words: Transformers for image recognition at scale},
	author={Dosovitskiy, Alexey and Beyer, Lucas and Kolesnikov, Alexander and Weissenborn, Dirk and Zhai, Xiaohua and Unterthiner, Thomas and Dehghani, Mostafa and Minderer, Matthias and Heigold, Georg and Gelly, Sylvain and others},
	journal={arXiv preprint arXiv:2010.11929},
	year={2020}
}

@article{chen2022novel,
	title={A novel loss function of deep learning in wind speed forecasting},
	author={Chen, Xi and Yu, Ruyi and Ullah, Sajid and Wu, Dianming and Li, Zhiqiang and Li, Qingli and Qi, Honggang and Liu, Jihui and Liu, Min and Zhang, Yundong},
	journal={Energy},
	volume={238},
	pages={121808},
	year={2022},
	publisher={Elsevier}
}

@inproceedings{zou2019sufficient,
	title={A sufficient condition for convergences of adam and rmsprop},
	author={Zou, Fangyu and Shen, Li and Jie, Zequn and Zhang, Weizhong and Liu, Wei},
	booktitle={Proceedings of the IEEE/CVF Conference on computer vision and pattern recognition},
	pages={11127--11135},
	year={2019}
}

@article{shrestha2019review,
	title={Review of deep learning algorithms and architectures},
	author={Shrestha, Ajay and Mahmood, Ausif},
	journal={IEEE access},
	volume={7},
	pages={53040--53065},
	year={2019},
	publisher={IEEE}
}

@article{wu2017introduction,
	title={Introduction to convolutional neural networks},
	author={Wu, Jianxin},
	journal={National Key Lab for Novel Software Technology. Nanjing University. China},
	volume={5},
	number={23},
	pages={495},
	year={2017}
}

@article{Wapenaar2014,
	author    = {Kees Wapenaar},
	title     = {Elastic Wavefield Extrapolation},
	journal   = {Journal of Geophysical Research: Solid Earth},
	year      = {2014},
	volume    = {119},
	number    = {3},
	pages     = {2096--2112},
	doi       = {10.1002/2013JB010679},
	url       = {https://doi.org/10.1002/2013JB010679}
}

@book{deans2007radon,
	title={The Radon transform and some of its applications},
	author={Deans, Stanley R},
	year={2007},
	publisher={Courier Corporation}
}

@book{proakis2007digital,
	title={Digital signal processing: principles, algorithms, and applications, 4/E},
	author={Proakis, John G},
	year={2007},
	publisher={Pearson Education India}
}

@article{gu2009radon,
	title={Radon transform methods and their applications in mapping mantle reflectivity structure},
	author={Gu, Yu Jeffrey and Sacchi, Mauricio},
	journal={Surveys in geophysics},
	volume={30},
	pages={327--354},
	year={2009},
	publisher={Springer}
}

@inproceedings{soubaras1997spatial,
	title={Spatial interpolation of aliased seismic data},
	author={Soubaras, Robert},
	booktitle={67th Annual International Meeting, SEG, Expanded Abstracts},
	pages={1167--1170},
	year={1997}
}


@misc{bilsby2023ml,
	author       = {Phillip Bilsby},
	title        = {ML Mapping training: MS-MPFI to MS-TDRI input datasets},
	organization = {Schlumberger},
	howpublished = {PowerPoint presentation},
	month        = jul,
	year         = {2023},
	note         = {Phillip Bilsby, Land \& Interpolation product champion},
}


@manual{schlumberger2016,
	author    = {Schlumberger},
	title     = {3D Interpolation using IRREGULAR\_INTERP\_RDN: Best Practice for 3D Time Domain Radon Interpolation (TDRI)},
	year      = {2016},
	month     = apr,
	note      = {Issue Date: 15-April-2016, Revision: 1, Content ID: 6828843},
}


@misc{nvidia2020ampere,
	author       = {NVIDIA},
	title        = {NVIDIA Ampere Architecture In-Depth},
	year         = 2020,
	url          = {https://developer.nvidia.com/blog/nvidia-ampere-architecture-in-depth/},
	note         = {Accessed: 2024-07-18}
}


@incollection{verschuur20124d,
	title={4D reconstruction of wide azimuth (WAZ) data using sparse inversion of hybrid Radon transforms},
	author={Verschuur, Eric and Vrolijk, Jan Willem and Tsingas, Constantine},
	booktitle={SEG Technical Program Expanded Abstracts 2012},
	pages={1--5},
	year={2012},
	publisher={Society of Exploration Geophysicists}
}

@article{wang2010seismic,
	title={Seismic data interpolation by greedy local Radon transform},
	author={Wang, Juefu and Ng, Mark and Perz, Mike},
	journal={Geophysics},
	volume={75},
	number={6},
	pages={WB225--WB234},
	year={2010},
	publisher={Society of Exploration Geophysicists}
}

@article{wang2007seismic,
	title={Seismic time-frequency spectral decomposition by matching pursuit},
	author={Wang, Yanghua},
	journal={Geophysics},
	volume={72},
	number={1},
	pages={V13--V20},
	year={2007},
	publisher={Society of Exploration Geophysicists}
}

@article{xu2010antileakage,
	title={Antileakage Fourier transform for seismic data regularization in higher dimensions},
	author={Xu, Sheng and Zhang, Yu and Lambar{\'e}, Gilles},
	journal={Geophysics},
	volume={75},
	number={6},
	pages={WB113--WB120},
	year={2010},
	publisher={Society of Exploration Geophysicists}
}

@inproceedings{bilsby2023multistage,
	title={Multistage matching pursuit Fourier interpolation with physics-based priors},
	author={Bilsby, P and Kumar, R and Vassallo, M and Zarkhidze, A},
	booktitle={84th EAGE Annual Conference \& Exhibition},
	volume={2023},
	number={1},
	pages={1--5},
	year={2023},
	organization={European Association of Geoscientists \& Engineers}
}

@article{tunkiel2022impact,
	title={Impact of data pre-processing techniques on recurrent neural network performance in context of real-time drilling logs in an automated prediction framework},
	author={Tunkiel, Andrzej T and Sui, Dan and Wiktorski, Tomasz},
	journal={Journal of Petroleum Science and Engineering},
	volume={208},
	pages={109760},
	year={2022},
	publisher={Elsevier}
}

@misc{javashs2023scrn,
	author = {Javash S},
	title = {SCRN: Swin Transformer for simultaneous denoising and interpolation of seismic data},
	year = {2023},
	howpublished = {\url{https://github.com/javashs/SCRN}},
	note = {GitHub repository}
}

@techreport{Lau2024,
	author       = {Ying Ting (Rhea) Lau},
	title        = {Image Reconstruction using Generative Adversarial Networks},
	institution  = {ETH Zürich},
	year         = {2024},
	type         = {Research Module Report},
	address      = {Zürich, Switzerland},
	month        = {February 1},
	note         = {Supervised by Dr. Rajiv Kumar, Dr. Massimiliano Vassallo, and Dr. Dirk-Jan van Manen},
}


@article{goodfellow2014generative,
	title={Generative adversarial nets},
	author={Goodfellow, Ian and Pouget-Abadie, Jean and Mirza, Mehdi and Xu, Bing and Warde-Farley, David and Ozair, Sherjil and Courville, Aaron and Bengio, Yoshua},
	journal={Advances in neural information processing systems},
	volume={27},
	year={2014}
}

@inproceedings{he2016deep,
	title={Deep residual learning for image recognition},
	author={He, Kaiming and Zhang, Xiangyu and Ren, Shaoqing and Sun, Jian},
	booktitle={Proceedings of the IEEE conference on computer vision and pattern recognition},
	pages={770--778},
	year={2016}
}

@article{gao2024swin,
	title={Swin Transformer for simultaneous denoising and interpolation of seismic data},
	author={Gao, Lei and Shen, Housen and Min, Fan},
	journal={Computers \& Geosciences},
	volume={183},
	pages={105510},
	year={2024},
	publisher={Elsevier}
}

@article{kingma2014adam,
	title={Adam: A method for stochastic optimization},
	author={Kingma, Diederik P and Ba, Jimmy},
	journal={arXiv preprint arXiv:1412.6980},
	year={2014}
}

@article{o2015introduction,
	title={An introduction to convolutional neural networks},
	author={O'shea, Keiron and Nash, Ryan},
	journal={arXiv preprint arXiv:1511.08458},
	year={2015}
}

@article{alzubaidi2021review,
	title={Review of deep learning: concepts, CNN architectures, challenges, applications, future directions},
	author={Alzubaidi, Laith and Zhang, Jinglan and Humaidi, Amjad J and Al-Dujaili, Ayad and Duan, Ye and Al-Shamma, Omran and Santamar{\'\i}a, Jos{\'e} and Fadhel, Mohammed A and Al-Amidie, Muthana and Farhan, Laith},
	journal={Journal of big Data},
	volume={8},
	pages={1--74},
	year={2021},
	publisher={Springer}
}

@inproceedings{schonewille2013matching,
	title={Matching Pursuit Fourier Interpolation Using Priors Derived from a Second Data Set},
	author={Schonewille, Michel and Yan, Zhimei and Bayly, Martin and Bisley, Richard},
	booktitle={SEG Technical Program Expanded Abstracts 2013},
	pages={3651--3655},
	year={2013},
	publisher={Society of Exploration Geophysicists}
}


@article{herrmann2008non,
  title={Non-parametric seismic data recovery with curvelet frames},
  author={Herrmann, Felix J and Hennenfent, Gilles},
  journal={Geophysical Journal International},
  volume={173},
  number={1},
  pages={233--248},
  year={2008},
  publisher={Blackwell Publishing Ltd Oxford, UK}
}

@article{oliveira2018interpolating,
	title={Interpolating seismic data with conditional generative adversarial networks},
	author={Oliveira, Dario AB and Ferreira, Rodrigo S and Silva, Reinaldo and Brazil, Emilio Vital},
	journal={IEEE Geoscience and Remote Sensing Letters},
	volume={15},
	number={12},
	pages={1952--1956},
	year={2018},
	publisher={IEEE}
}

@article{kaur2021seismic,
	title={Seismic data interpolation using deep learning with generative adversarial networks},
	author={Kaur, Harpreet and Pham, Nam and Fomel, Sergey},
	journal={Geophysical Prospecting},
	volume={69},
	number={2},
	pages={307--326},
	year={2021},
	publisher={European Association of Geoscientists \& Engineers}
}

@article{candes2008introduction,
  title={An introduction to compressive sampling},
  author={Cand{\`e}s, Emmanuel J and Wakin, Michael B},
  journal={IEEE signal processing magazine},
  volume={25},
  number={2},
  pages={21--30},
  year={2008},
  publisher={IEEE}
}

@article{naghizadeh2012seismic,
	title={Seismic data interpolation and denoising in the frequency-wavenumber domain},
	author={Naghizadeh, Mostafa},
	journal={Geophysics},
	volume={77},
	number={2},
	pages={V71--V80},
	year={2012},
	publisher={Society of Exploration Geophysicists}
}

@article{spitz1991seismic,
	title={Seismic trace interpolation in the FX domain},
	author={Spitz, Simon},
	journal={Geophysics},
	volume={56},
	number={6},
	pages={785--794},
	year={1991},
	publisher={Society of Exploration Geophysicists}
}

@article{naghizadeh2011seismic,
	title={Seismic data interpolation using a fast generalized Fourier transform},
	author={Naghizadeh, Mostafa and Innanen, Kristopher A},
	journal={Geophysics},
	volume={76},
	number={1},
	pages={V1--V10},
	year={2011},
	publisher={Society of Exploration Geophysicists}
}

@article{mirza2014conditional,
  title={Conditional generative adversarial nets},
  author={Mirza, Mehdi and Osindero, Simon},
  journal={arXiv preprint arXiv:1411.1784},
  year={2014}
}

@inproceedings{siahkoohi2018seismic,
  title={Seismic data reconstruction with generative adversarial networks},
  author={Siahkoohi, Ali and Kumar, Rajiv and Herrmann, F},
  booktitle={80th EAGE conference and exhibition 2018},
  volume={2018},
  number={1},
  pages={1--5},
  year={2018},
  organization={European Association of Geoscientists \& Engineers}
}

@inproceedings{schonewille2014comparison,
  title={Comparison of 3D time-domain radon and matching-pursuit Fourier interpolation},
  author={Schonewille, MA and Dishberger, DM and Kapadia, Deepak},
  booktitle={76th EAGE Conference and Exhibition 2014},
  volume={2014},
  number={1},
  pages={1--5},
  year={2014},
  organization={European Association of Geoscientists \& Engineers}
}

@incollection{kaur2019seismic,
  title={Seismic data interpolation using CycleGAN},
  author={Kaur, Harpreet and Pham, Nam and Fomel, Sergey},
  booktitle={SEG technical program expanded abstracts 2019},
  pages={2202--2206},
  year={2019},
  publisher={Society of Exploration Geophysicists}
}

@article{lecun1998gradient,
  title={Gradient-based learning applied to document recognition},
  author={LeCun, Yann and Bottou, L{\'e}on and Bengio, Yoshua and Haffner, Patrick},
  journal={Proceedings of the IEEE},
  volume={86},
  number={11},
  pages={2278--2324},
  year={1998},
  publisher={Ieee}
}

@article{shelhamer2017fully,
  title={Fully convolutional networks for semantic segmentation.},
  author={Shelhamer, Evan and Long, Jonathan and Darrell, Trevor and others},
  journal={IEEE Trans. Pattern Anal. Mach. Intell.},
  volume={39},
  number={4},
  pages={640--651},
  year={2017}
}

@inproceedings{ronneberger2015u,
  title={U-net: Convolutional networks for biomedical image segmentation},
  author={Ronneberger, Olaf and Fischer, Philipp and Brox, Thomas},
  booktitle={Medical Image Computing and Computer-Assisted Intervention--MICCAI 2015: 18th International Conference, Munich, Germany, October 5-9, 2015, Proceedings, Part III 18},
  pages={234--241},
  year={2015},
  organization={Springer}
}

@inproceedings{long2015fully,
  title={Fully convolutional networks for semantic segmentation},
  author={Long, Jonathan and Shelhamer, Evan and Darrell, Trevor},
  booktitle={Proceedings of the IEEE conference on computer vision and pattern recognition},
  pages={3431--3440},
  year={2015}
}

@article{deng2012mnist,
  title={The mnist database of handwritten digit images for machine learning research [best of the web]},
  author={Deng, Li},
  journal={IEEE signal processing magazine},
  volume={29},
  number={6},
  pages={141--142},
  year={2012},
  publisher={IEEE}
}

@article{xiao2017fashion,
  title={Fashion-mnist: a novel image dataset for benchmarking machine learning algorithms},
  author={Xiao, Han and Rasul, Kashif and Vollgraf, Roland},
  journal={arXiv preprint arXiv:1708.07747},
  year={2017}
}

@article{saxena2021generative,
  title={Generative adversarial networks (GANs) challenges, solutions, and future directions},
  author={Saxena, Divya and Cao, Jiannong},
  journal={ACM Computing Surveys (CSUR)},
  volume={54},
  number={3},
  pages={1--42},
  year={2021},
  publisher={ACM New York, NY, USA}
}

@article{stolt2002seismic,
	title={Seismic data mapping and reconstruction},
	author={Stolt, Robert H},
	journal={Geophysics},
	volume={67},
	number={3},
	pages={890--908},
	year={2002},
	publisher={Society of Exploration Geophysicists}
}

@article{ronen1987wave,
	title={Wave-equation trace interpolation},
	author={Ronen, Joshua},
	journal={Geophysics},
	volume={52},
	number={7},
	pages={973--984},
	year={1987},
	publisher={Society of Exploration Geophysicists}
}

@article{khosro2023machine,
	title={Machine learning for seismic exploration: Where are we and how far are we from the holy grail?},
	author={Khosro Anjom, Farbod and Vaccarino, Francesco and Socco, Laura Valentina},
	journal={Geophysics},
	volume={89},
	number={1},
	pages={WA157--WA178},
	year={2023},
	publisher={Society of Exploration Geophysicists}
}